year_month,revenue,profit,units_sold,marketing_spend,discount,profit_margin,revenue_per_unit,marketing_roi,employee_count,total_payroll,avg_salary,avg_attrition_risk,avg_performance,attrition_rate,quarter,operational_cost,marketing_budget,rd_investment,customer_satisfaction,market_share,competitor_count,economic_index,revenue_growth,profit_growth,operational_efficiency,date
2015-01,86172.04615000001,29189.20015,879.0,50432.47,0.08805882352941177,33.87,98.03,70.87,5,419026.21,83805.242,0.7652,88.2,76.52,2020-03-31,1274953.84,269388.38,165029.79,80.6,21.49,6.0,0.827,0.0,0.0,2.29,2015-01-01
2015-02,86172.04615000001,29189.20015,879.0,50432.47,0.08805882352941177,33.87,98.03,70.87,4,314828.28,78707.07,0.46824999999999994,68.80000000000001,46.82,2020-03-31,1274953.84,269388.38,165029.79,80.6,21.49,6.0,0.827,0.0,0.0,2.29,2015-02-01
2015-03,86172.04615000001,29189.20015,879.0,50432.47,0.08805882352941177,33.87,98.03,70.87,4,298764.88,74691.22,0.484,82.225,48.4,2020-03-31,1274953.84,269388.38,165029.79,80.6,21.49,6.0,0.827,0.0,0.0,2.29,2015-03-01
2015-04,86172.04615000001,29189.20015,879.0,50432.47,0.08805882352941177,33.87,98.03,70.87,4,339664.01,84916.0025,0.4525,82.925,45.25,2020-03-31,1274953.84,269388.38,165029.79,80.6,21.49,6.0,0.827,0.0,0.0,2.29,2015-04-01
2015-05,86172.04615000001,29189.20015,879.0,50432.47,0.08805882352941177,33.87,98.03,70.87,4,236241.44,59060.36,0.36550000000000005,79.425,36.55,2020-03-31,1274953.84,269388.38,165029.79,80.6,21.49,6.0,0.827,0.0,0.0,2.29,2015-05-01
2015-06,86172.04615000001,29189.20015,879.0,50432.47,0.08805882352941177,33.87,98.03,70.87,4,344771.71,86192.9275,0.2835,73.55,28.35,2020-03-31,1274953.84,269388.38,165029.79,80.6,21.49,6.0,0.827,0.0,0.0,2.29,2015-06-01
2015-07,86172.04615000001,29189.20015,879.0,50432.47,0.08805882352941177,33.87,98.03,70.87,4,289888.2,72472.05,0.4665,82.725,46.65,2020-03-31,1274953.84,269388.38,165029.79,80.6,21.49,6.0,0.827,0.0,0.0,2.29,2015-07-01
2015-08,86172.04615000001,29189.20015,879.0,50432.47,0.08805882352941177,33.87,98.03,70.87,5,406513.86,81302.772,0.5513999999999999,81.26,55.14,2020-03-31,1274953.84,269388.38,165029.79,80.6,21.49,6.0,0.827,0.0,0.0,2.29,2015-08-01
2015-09,86172.04615000001,29189.20015,879.0,50432.47,0.08805882352941177,33.87,98.03,70.87,4,328932.07999999996,82233.01999999999,0.47025,84.22500000000001,47.02,2020-03-31,1274953.84,269388.38,165029.79,80.6,21.49,6.0,0.827,0.0,0.0,2.29,2015-09-01
2015-10,86172.04615000001,29189.20015,879.0,50432.47,0.08805882352941177,33.87,98.03,70.87,4,300102.42,75025.605,0.1545,80.925,15.45,2020-03-31,1274953.84,269388.38,165029.79,80.6,21.49,6.0,0.827,0.0,0.0,2.29,2015-10-01
2015-11,86172.04615000001,29189.20015,879.0,50432.47,0.08805882352941177,33.87,98.03,70.87,4,339718.48,84929.62,0.38175000000000003,77.725,38.18,2020-03-31,1274953.84,269388.38,165029.79,80.6,21.49,6.0,0.827,0.0,0.0,2.29,2015-11-01
2015-12,86172.04615000001,29189.20015,879.0,50432.47,0.08805882352941177,33.87,98.03,70.87,4,328720.62,82180.155,0.5715,78.025,57.15,2020-03-31,1274953.84,269388.38,165029.79,80.6,21.49,6.0,0.827,0.0,0.0,2.29,2015-12-01
2016-01,86172.04615000001,29189.20015,879.0,50432.47,0.08805882352941177,33.87,98.03,70.87,5,388512.56,77702.512,0.718,78.96000000000001,71.8,2020-03-31,1274953.84,269388.38,165029.79,80.6,21.49,6.0,0.827,0.0,0.0,2.29,2016-01-01
2016-02,86172.04615000001,29189.20015,879.0,50432.47,0.08805882352941177,33.87,98.03,70.87,4,288072.06,72018.015,0.519,85.775,51.9,2020-03-31,1274953.84,269388.38,165029.79,80.6,21.49,6.0,0.827,0.0,0.0,2.29,2016-02-01
2016-03,86172.04615000001,29189.20015,879.0,50432.47,0.08805882352941177,33.87,98.03,70.87,4,343637.69,85909.4225,0.44775000000000004,69.67500000000001,44.78,2020-03-31,1274953.84,269388.38,165029.79,80.6,21.49,6.0,0.827,0.0,0.0,2.29,2016-03-01
2016-04,86172.04615000001,29189.20015,879.0,50432.47,0.08805882352941177,33.87,98.03,70.87,4,379086.44,94771.61,0.5845,87.975,58.45,2020-03-31,1274953.84,269388.38,165029.79,80.6,21.49,6.0,0.827,0.0,0.0,2.29,2016-04-01
2016-05,86172.04615000001,29189.20015,879.0,50432.47,0.08805882352941177,33.87,98.03,70.87,4,251578.19,62894.5475,0.21350000000000002,73.5,21.35,2020-03-31,1274953.84,269388.38,165029.79,80.6,21.49,6.0,0.827,0.0,0.0,2.29,2016-05-01
2016-06,86172.04615000001,29189.20015,879.0,50432.47,0.08805882352941177,33.87,98.03,70.87,4,362417.37,90604.3425,0.53525,76.4,53.52,2020-03-31,1274953.84,269388.38,165029.79,80.6,21.49,6.0,0.827,0.0,0.0,2.29,2016-06-01
2016-07,86172.04615000001,29189.20015,879.0,50432.47,0.08805882352941177,33.87,98.03,70.87,4,397668.91000000003,99417.22750000001,0.44725,89.925,44.72,2020-03-31,1274953.84,269388.38,165029.79,80.6,21.49,6.0,0.827,0.0,0.0,2.29,2016-07-01
2016-08,86172.04615000001,29189.20015,879.0,50432.47,0.08805882352941177,33.87,98.03,70.87,5,376211.23,75242.246,0.6776,82.3,67.76,2020-03-31,1274953.84,269388.38,165029.79,80.6,21.49,6.0,0.827,0.0,0.0,2.29,2016-08-01
2016-09,86172.04615000001,29189.20015,879.0,50432.47,0.08805882352941177,33.87,98.03,70.87,4,325497.35,81374.3375,0.4465,77.30000000000001,44.65,2020-03-31,1274953.84,269388.38,165029.79,80.6,21.49,6.0,0.827,0.0,0.0,2.29,2016-09-01
2016-10,86172.04615000001,29189.20015,879.0,50432.47,0.08805882352941177,33.87,98.03,70.87,4,218944.28,54736.07,0.3215,67.475,32.15,2020-03-31,1274953.84,269388.38,165029.79,80.6,21.49,6.0,0.827,0.0,0.0,2.29,2016-10-01
2016-11,86172.04615000001,29189.20015,879.0,50432.47,0.08805882352941177,33.87,98.03,70.87,4,284217.15,71054.2875,0.782,79.2,78.2,2020-03-31,1274953.84,269388.38,165029.79,80.6,21.49,6.0,0.827,0.0,0.0,2.29,2016-11-01
2016-12,86172.04615000001,29189.20015,879.0,50432.47,0.08805882352941177,33.87,98.03,70.87,4,282398.11,70599.5275,0.47925,85.025,47.92,2020-03-31,1274953.84,269388.38,165029.79,80.6,21.49,6.0,0.827,0.0,0.0,2.29,2016-12-01
2017-01,86172.04615000001,29189.20015,879.0,50432.47,0.08805882352941177,33.87,98.03,70.87,5,330532.26999999996,66106.454,0.608,82.16,60.8,2020-03-31,1274953.84,269388.38,165029.79,80.6,21.49,6.0,0.827,0.0,0.0,2.29,2017-01-01
2017-02,86172.04615000001,29189.20015,879.0,50432.47,0.08805882352941177,33.87,98.03,70.87,3,226230.7,75410.23333333334,0.6423333333333333,72.53333333333333,64.23,2020-03-31,1274953.84,269388.38,165029.79,80.6,21.49,6.0,0.827,0.0,0.0,2.29,2017-02-01
2017-03,86172.04615000001,29189.20015,879.0,50432.47,0.08805882352941177,33.87,98.03,70.87,5,461747.93,92349.586,0.46340000000000003,80.72,46.34,2020-03-31,1274953.84,269388.38,165029.79,80.6,21.49,6.0,0.827,0.0,0.0,2.29,2017-03-01
2017-04,86172.04615000001,29189.20015,879.0,50432.47,0.08805882352941177,33.87,98.03,70.87,4,160000.0,40000.0,0.538,81.55,53.8,2020-03-31,1274953.84,269388.38,165029.79,80.6,21.49,6.0,0.827,0.0,0.0,2.29,2017-04-01
2017-05,86172.04615000001,29189.20015,879.0,50432.47,0.08805882352941177,33.87,98.03,70.87,4,302665.34,75666.335,0.708,73.675,70.8,2020-03-31,1274953.84,269388.38,165029.79,80.6,21.49,6.0,0.827,0.0,0.0,2.29,2017-05-01
2017-06,86172.04615000001,29189.20015,879.0,50432.47,0.08805882352941177,33.87,98.03,70.87,4,294972.93,73743.2325,0.7807499999999999,76.675,78.07,2020-03-31,1274953.84,269388.38,165029.79,80.6,21.49,6.0,0.827,0.0,0.0,2.29,2017-06-01
2017-07,86172.04615000001,29189.20015,879.0,50432.47,0.08805882352941177,33.87,98.03,70.87,4,286615.14,71653.785,0.40049999999999997,82.6,40.05,2020-03-31,1274953.84,269388.38,165029.79,80.6,21.49,6.0,0.827,0.0,0.0,2.29,2017-07-01
2017-08,86172.04615000001,29189.20015,879.0,50432.47,0.08805882352941177,33.87,98.03,70.87,5,331967.98,66393.59599999999,0.6266,72.44,62.66,2020-03-31,1274953.84,269388.38,165029.79,80.6,21.49,6.0,0.827,0.0,0.0,2.29,2017-08-01
2017-09,86172.04615000001,29189.20015,879.0,50432.47,0.08805882352941177,33.87,98.03,70.87,4,266019.64,66504.91,0.5205,74.3,52.05,2020-03-31,1274953.84,269388.38,165029.79,80.6,21.49,6.0,0.827,0.0,0.0,2.29,2017-09-01
2017-10,86172.04615000001,29189.20015,879.0,50432.47,0.08805882352941177,33.87,98.03,70.87,4,310825.74,77706.435,0.64525,85.5,64.53,2020-03-31,1274953.84,269388.38,165029.79,80.6,21.49,6.0,0.827,0.0,0.0,2.29,2017-10-01
2017-11,86172.04615000001,29189.20015,879.0,50432.47,0.08805882352941177,33.87,98.03,70.87,4,271341.57,67835.3925,0.399,79.7,39.9,2020-03-31,1274953.84,269388.38,165029.79,80.6,21.49,6.0,0.827,0.0,0.0,2.29,2017-11-01
2017-12,86172.04615000001,29189.20015,879.0,50432.47,0.08805882352941177,33.87,98.03,70.87,4,258451.45,64612.8625,0.364,82.3,36.4,2020-03-31,1274953.84,269388.38,165029.79,80.6,21.49,6.0,0.827,0.0,0.0,2.29,2017-12-01
2018-01,86172.04615000001,29189.20015,879.0,50432.47,0.08805882352941177,33.87,98.03,70.87,4,292163.55,73040.8875,0.6995,78.825,69.95,2020-03-31,1274953.84,269388.38,165029.79,80.6,21.49,6.0,0.827,0.0,0.0,2.29,2018-01-01
2018-02,86172.04615000001,29189.20015,879.0,50432.47,0.08805882352941177,33.87,98.03,70.87,4,251053.16999999998,62763.292499999996,0.5815,80.45,58.15,2020-03-31,1274953.84,269388.38,165029.79,80.6,21.49,6.0,0.827,0.0,0.0,2.29,2018-02-01
2018-03,86172.04615000001,29189.20015,879.0,50432.47,0.08805882352941177,33.87,98.03,70.87,5,498193.0,99638.6,0.618,76.28,61.8,2020-03-31,1274953.84,269388.38,165029.79,80.6,21.49,6.0,0.827,0.0,0.0,2.29,2018-03-01
2018-04,86172.04615000001,29189.20015,879.0,50432.47,0.08805882352941177,33.87,98.03,70.87,4,253937.79,63484.4475,0.50925,82.2,50.92,2020-03-31,1274953.84,269388.38,165029.79,80.6,21.49,6.0,0.827,0.0,0.0,2.29,2018-04-01
2018-05,86172.04615000001,29189.20015,879.0,50432.47,0.08805882352941177,33.87,98.03,70.87,4,344747.65,86186.9125,0.23975,74.0,23.98,2020-03-31,1274953.84,269388.38,165029.79,80.6,21.49,6.0,0.827,0.0,0.0,2.29,2018-05-01
2018-06,86172.04615000001,29189.20015,879.0,50432.47,0.08805882352941177,33.87,98.03,70.87,4,371877.44,92969.36,0.554,80.525,55.4,2020-03-31,1274953.84,269388.38,165029.79,80.6,21.49,6.0,0.827,0.0,0.0,2.29,2018-06-01
2018-07,86172.04615000001,29189.20015,879.0,50432.47,0.08805882352941177,33.87,98.03,70.87,4,327567.95,81891.9875,0.46249999999999997,83.95,46.25,2020-03-31,1274953.84,269388.38,165029.79,80.6,21.49,6.0,0.827,0.0,0.0,2.29,2018-07-01
2018-08,86172.04615000001,29189.20015,879.0,50432.47,0.08805882352941177,33.87,98.03,70.87,4,290265.83,72566.4575,0.52,77.7,52.0,2020-03-31,1274953.84,269388.38,165029.79,80.6,21.49,6.0,0.827,0.0,0.0,2.29,2018-08-01
2018-09,86172.04615000001,29189.20015,879.0,50432.47,0.08805882352941177,33.87,98.03,70.87,5,304434.24,60886.848,0.21059999999999998,78.47999999999999,21.06,2020-03-31,1274953.84,269388.38,165029.79,80.6,21.49,6.0,0.827,0.0,0.0,2.29,2018-09-01
2018-10,86172.04615000001,29189.20015,879.0,50432.47,0.08805882352941177,33.87,98.03,70.87,4,295945.04,73986.26,0.6045,75.1,60.45,2020-03-31,1274953.84,269388.38,165029.79,80.6,21.49,6.0,0.827,0.0,0.0,2.29,2018-10-01
2018-11,86172.04615000001,29189.20015,879.0,50432.47,0.08805882352941177,33.87,98.03,70.87,4,361533.55,90383.3875,0.48225,84.825,48.22,2020-03-31,1274953.84,269388.38,165029.79,80.6,21.49,6.0,0.827,0.0,0.0,2.29,2018-11-01
2018-12,86172.04615000001,29189.20015,879.0,50432.47,0.08805882352941177,33.87,98.03,70.87,4,263303.86,65825.965,0.645,85.45,64.5,2020-03-31,1274953.84,269388.38,165029.79,80.6,21.49,6.0,0.827,0.0,0.0,2.29,2018-12-01
2019-01,86172.04615000001,29189.20015,879.0,50432.47,0.08805882352941177,33.87,98.03,70.87,4,291324.08999999997,72831.02249999999,0.5407500000000001,73.3,54.08,2020-03-31,1274953.84,269388.38,165029.79,80.6,21.49,6.0,0.827,0.0,0.0,2.29,2019-01-01
2019-02,86172.04615000001,29189.20015,879.0,50432.47,0.08805882352941177,33.87,98.03,70.87,4,353182.67000000004,88295.66750000001,0.433,80.5,43.3,2020-03-31,1274953.84,269388.38,165029.79,80.6,21.49,6.0,0.827,0.0,0.0,2.29,2019-02-01
2019-03,86172.04615000001,29189.20015,879.0,50432.47,0.08805882352941177,33.87,98.03,70.87,4,283958.54000000004,70989.63500000001,0.6154999999999999,86.35,61.55,2020-03-31,1274953.84,269388.38,165029.79,80.6,21.49,6.0,0.827,0.0,0.0,2.29,2019-03-01
2019-04,86172.04615000001,29189.20015,879.0,50432.47,0.08805882352941177,33.87,98.03,70.87,5,334575.11,66915.022,0.5589999999999999,82.17999999999999,55.9,2020-03-31,1274953.84,269388.38,165029.79,80.6,21.49,6.0,0.827,0.0,0.0,2.29,2019-04-01
2019-05,86172.04615000001,29189.20015,879.0,50432.47,0.08805882352941177,33.87,98.03,70.87,4,353238.83,88309.7075,0.2965,84.05,29.65,2020-03-31,1274953.84,269388.38,165029.79,80.6,21.49,6.0,0.827,0.0,0.0,2.29,2019-05-01
2019-06,86172.04615000001,29189.20015,879.0,50432.47,0.08805882352941177,33.87,98.03,70.87,4,375401.89,93850.4725,0.43775000000000003,83.0,43.78,2020-03-31,1274953.84,269388.38,165029.79,80.6,21.49,6.0,0.827,0.0,0.0,2.29,2019-06-01
2019-07,86172.04615000001,29189.20015,879.0,50432.47,0.08805882352941177,33.87,98.03,70.87,4,306805.64,76701.41,0.20850000000000002,88.725,20.85,2020-03-31,1274953.84,269388.38,165029.79,80.6,21.49,6.0,0.827,0.0,0.0,2.29,2019-07-01
2019-08,86172.04615000001,29189.20015,879.0,50432.47,0.08805882352941177,33.87,98.03,70.87,4,344888.53,86222.1325,0.40325,76.02499999999999,40.33,2020-03-31,1274953.84,269388.38,165029.79,80.6,21.49,6.0,0.827,0.0,0.0,2.29,2019-08-01
2019-09,86172.04615000001,29189.20015,879.0,50432.47,0.08805882352941177,33.87,98.03,70.87,4,275219.54000000004,68804.88500000001,0.3515,78.875,35.15,2020-03-31,1274953.84,269388.38,165029.79,80.6,21.49,6.0,0.827,0.0,0.0,2.29,2019-09-01
2019-10,86172.04615000001,29189.20015,879.0,50432.47,0.08805882352941177,33.87,98.03,70.87,5,393312.97,78662.594,0.515,82.58,51.5,2020-03-31,1274953.84,269388.38,165029.79,80.6,21.49,6.0,0.827,0.0,0.0,2.29,2019-10-01
2019-11,86172.04615000001,29189.20015,879.0,50432.47,0.08805882352941177,33.87,98.03,70.87,4,289165.94,72291.485,0.65325,88.75,65.32,2020-03-31,1274953.84,269388.38,165029.79,80.6,21.49,6.0,0.827,0.0,0.0,2.29,2019-11-01
2019-12,86172.04615000001,29189.20015,879.0,50432.47,0.08805882352941177,33.87,98.03,70.87,4,317089.02,79272.255,0.5585,83.5,55.85,2020-03-31,1274953.84,269388.38,165029.79,80.6,21.49,6.0,0.827,0.0,0.0,2.29,2019-12-01
2020-01,86172.04615000001,29189.20015,879.0,50432.47,0.08805882352941177,33.87,98.03,70.87,4,339004.69,84751.1725,0.43224999999999997,71.625,43.22,2020-03-31,1274953.84,269388.38,165029.79,80.6,21.49,6.0,0.827,0.0,0.0,2.29,2020-01-01
2020-02,62882.82157,20770.081570000002,742.0,45450.44,0.1102,33.03,84.75,38.35,4,286714.96,71678.74,0.628,82.175,62.8,2020-03-31,1274953.84,269388.38,165029.79,80.6,21.49,6.0,0.827,-27.026426341856112,-28.843265785753292,1.63,2020-02-01
2020-03,42668.89381,14013.151810000003,448.0,31116.39,0.1113,32.84,95.24,37.13,4,227630.82,56907.705,0.67825,85.975,67.82,2020-03-31,1730959.21,492185.09,85782.0,90.9,32.72,7.0,0.912,0.0,0.0,0.81,2020-03-01
2020-03,42668.89381,14013.151810000003,448.0,31116.39,0.1113,32.84,95.24,37.13,4,227630.82,56907.705,0.67825,85.975,67.82,2020-03-31,891340.44,299266.07,66654.78,76.7,16.13,12.0,1.198,0.0,0.0,1.57,2020-03-01
2020-03,42668.89381,14013.151810000003,448.0,31116.39,0.1113,32.84,95.24,37.13,4,227630.82,56907.705,0.67825,85.975,67.82,2020-03-31,1275044.39,125404.73,62023.66,82.1,33.29,5.0,1.056,0.0,0.0,1.1,2020-03-01
2020-03,42668.89381,14013.151810000003,448.0,31116.39,0.1113,32.84,95.24,37.13,4,227630.82,56907.705,0.67825,85.975,67.82,2020-03-31,1142471.71,165933.7,76674.81,79.1,32.37,5.0,1.158,0.0,0.0,1.23,2020-03-01
2020-03,42668.89381,14013.151810000003,448.0,31116.39,0.1113,32.84,95.24,37.13,4,227630.82,56907.705,0.67825,85.975,67.82,2020-03-31,621309.45,320635.15,248572.36,89.3,10.87,5.0,1.09,0.0,0.0,2.26,2020-03-01
2020-03,42668.89381,14013.151810000003,448.0,31116.39,0.1113,32.84,95.24,37.13,4,227630.82,56907.705,0.67825,85.975,67.82,2020-03-31,541425.16,217797.58,172687.19,82.6,24.71,4.0,0.985,0.0,0.0,2.59,2020-03-01
2020-03,42668.89381,14013.151810000003,448.0,31116.39,0.1113,32.84,95.24,37.13,4,227630.82,56907.705,0.67825,85.975,67.82,2020-03-31,1830020.58,108873.9,182964.37,76.6,31.7,3.0,0.88,0.0,0.0,0.77,2020-03-01
2020-03,42668.89381,14013.151810000003,448.0,31116.39,0.1113,32.84,95.24,37.13,4,227630.82,56907.705,0.67825,85.975,67.82,2020-03-31,1329229.97,274534.33,71971.91,71.9,17.43,5.0,1.132,0.0,0.0,1.05,2020-03-01
2020-03,42668.89381,14013.151810000003,448.0,31116.39,0.1113,32.84,95.24,37.13,4,227630.82,56907.705,0.67825,85.975,67.82,2020-03-31,605624.2,396389.54,201888.81,84.7,21.99,7.0,0.867,0.0,0.0,2.31,2020-03-01
2020-03,42668.89381,14013.151810000003,448.0,31116.39,0.1113,32.84,95.24,37.13,4,227630.82,56907.705,0.67825,85.975,67.82,2020-03-31,613019.38,292666.8,169895.53,77.7,10.01,2.0,0.835,0.0,0.0,2.29,2020-03-01
2020-03,42668.89381,14013.151810000003,448.0,31116.39,0.1113,32.84,95.24,37.13,4,227630.82,56907.705,0.67825,85.975,67.82,2020-03-31,1441841.62,467646.29,299313.88,91.0,12.74,3.0,0.883,0.0,0.0,0.97,2020-03-01
2020-03,42668.89381,14013.151810000003,448.0,31116.39,0.1113,32.84,95.24,37.13,4,227630.82,56907.705,0.67825,85.975,67.82,2020-03-31,1329147.45,336755.5,168492.49,83.4,20.44,4.0,0.978,0.0,0.0,1.05,2020-03-01
2020-03,42668.89381,14013.151810000003,448.0,31116.39,0.1113,32.84,95.24,37.13,4,227630.82,56907.705,0.67825,85.975,67.82,2020-03-31,1274953.84,269388.38,165029.79,80.6,21.49,6.0,0.827,-32.145389241954135,-32.53203285325373,1.1,2020-03-01
2020-04,68981.81207,22677.71207,775.0,46284.15,0.1028125,32.87,89.01,49.04,5,245134.74,49026.948,0.38780000000000003,82.86,38.78,2020-03-31,1730959.21,492185.09,85782.0,90.9,32.72,7.0,0.912,61.66768320071432,61.83163058161429,1.31,2020-04-01
2020-05,61932.69521,19198.95521,699.0,47889.13,0.13492857142857143,31.0,88.6,29.33,4,248389.66999999998,62097.417499999996,0.587,81.4,58.7,2020-03-31,1730959.21,492185.09,85782.0,90.9,32.72,7.0,0.912,-10.218804998695653,-15.339981605119657,1.11,2020-05-01
2020-06,69248.34943,22176.843430000004,803.0,36057.98,0.1156875,32.03,86.24,92.05,4,359620.31,89905.0775,0.25,80.475,25.0,2020-06-30,572088.39,118758.59,138840.61,72.7,28.35,3.0,1.117,0.0,0.0,3.88,2020-06-01
2020-06,69248.34943,22176.843430000004,803.0,36057.98,0.1156875,32.03,86.24,92.05,4,359620.31,89905.0775,0.25,80.475,25.0,2020-06-30,1474660.52,402799.65,194371.57,88.0,31.61,1.0,1.011,0.0,0.0,1.5,2020-06-01
2020-06,69248.34943,22176.843430000004,803.0,36057.98,0.1156875,32.03,86.24,92.05,4,359620.31,89905.0775,0.25,80.475,25.0,2020-06-30,1969265.79,251140.22,220745.52,90.6,11.54,9.0,1.149,0.0,0.0,1.13,2020-06-01
2020-06,69248.34943,22176.843430000004,803.0,36057.98,0.1156875,32.03,86.24,92.05,4,359620.31,89905.0775,0.25,80.475,25.0,2020-06-30,699118.13,208383.06,187230.49,87.6,23.13,9.0,0.997,0.0,0.0,3.17,2020-06-01
2020-06,69248.34943,22176.843430000004,803.0,36057.98,0.1156875,32.03,86.24,92.05,4,359620.31,89905.0775,0.25,80.475,25.0,2020-06-30,1563366.5,311348.05,262704.38,78.4,21.68,2.0,0.894,0.0,0.0,1.42,2020-06-01
2020-06,69248.34943,22176.843430000004,803.0,36057.98,0.1156875,32.03,86.24,92.05,4,359620.31,89905.0775,0.25,80.475,25.0,2020-06-30,1973252.51,319188.75,184315.85,75.7,24.96,5.0,1.127,0.0,0.0,1.12,2020-06-01
2020-06,69248.34943,22176.843430000004,803.0,36057.98,0.1156875,32.03,86.24,92.05,4,359620.31,89905.0775,0.25,80.475,25.0,2020-06-30,1454498.93,489699.28,109029.13,80.4,20.54,7.0,1.137,0.0,0.0,1.52,2020-06-01
2020-06,69248.34943,22176.843430000004,803.0,36057.98,0.1156875,32.03,86.24,92.05,4,359620.31,89905.0775,0.25,80.475,25.0,2020-06-30,958045.79,241962.08,130395.69,75.9,26.17,6.0,1.058,0.0,0.0,2.31,2020-06-01
2020-06,69248.34943,22176.843430000004,803.0,36057.98,0.1156875,32.03,86.24,92.05,4,359620.31,89905.0775,0.25,80.475,25.0,2020-06-30,1900154.46,432548.6,185712.33,76.3,14.01,3.0,0.801,0.0,0.0,1.17,2020-06-01
2020-06,69248.34943,22176.843430000004,803.0,36057.98,0.1156875,32.03,86.24,92.05,4,359620.31,89905.0775,0.25,80.475,25.0,2020-06-30,1543676.6,115674.53,102282.7,90.7,18.79,2.0,1.123,11.81226522629808,15.51067851051049,1.44,2020-06-01
2020-06,69248.34943,22176.843430000004,803.0,36057.98,0.1156875,32.03,86.24,92.05,4,359620.31,89905.0775,0.25,80.475,25.0,2020-06-30,1151591.55,487460.78,83279.23,84.7,26.11,7.0,0.891,0.0,0.0,1.93,2020-06-01
2020-06,69248.34943,22176.843430000004,803.0,36057.98,0.1156875,32.03,86.24,92.05,4,359620.31,89905.0775,0.25,80.475,25.0,2020-06-30,1701423.94,413867.31,193287.71,94.0,21.64,6.0,1.154,0.0,0.0,1.3,2020-06-01
2020-07,74217.04279,24139.218790000003,825.0,36940.06,0.1106,32.53,89.96,100.91,4,300326.14,75081.535,0.7142499999999999,68.3,71.42,2020-06-30,1701423.94,413867.31,193287.71,94.0,21.64,6.0,1.154,7.175179482108285,8.84875868918915,1.42,2020-07-01
2020-08,63047.47943,22079.581430000002,655.0,34587.43,0.07830769230769231,35.02,96.26,82.28,4,265128.39,66282.0975,0.55525,84.7,55.53,2020-06-30,1701423.94,413867.31,193287.71,94.0,21.64,6.0,1.154,-15.04986313130896,-8.532328149961643,1.3,2020-08-01
2020-09,78334.7325,26801.716500000002,835.0,38788.32,0.090875,34.21,93.81,101.95,4,272631.77,68157.9425,0.44925,86.475,44.92,2020-09-30,810026.54,136400.84,238658.82,85.3,16.47,4.0,1.02,0.0,0.0,3.31,2020-09-01
2020-09,78334.7325,26801.716500000002,835.0,38788.32,0.090875,34.21,93.81,101.95,4,272631.77,68157.9425,0.44925,86.475,44.92,2020-09-30,762995.4,196433.93,162987.15,83.2,32.07,2.0,1.011,0.0,0.0,3.51,2020-09-01
2020-09,78334.7325,26801.716500000002,835.0,38788.32,0.090875,34.21,93.81,101.95,4,272631.77,68157.9425,0.44925,86.475,44.92,2020-09-30,1163528.34,494114.42,283234.52,89.5,16.82,7.0,1.037,0.0,0.0,2.3,2020-09-01
2020-09,78334.7325,26801.716500000002,835.0,38788.32,0.090875,34.21,93.81,101.95,4,272631.77,68157.9425,0.44925,86.475,44.92,2020-09-30,791410.93,201196.07,274152.57,91.7,19.79,8.0,1.113,0.0,0.0,3.39,2020-09-01
2020-09,78334.7325,26801.716500000002,835.0,38788.32,0.090875,34.21,93.81,101.95,4,272631.77,68157.9425,0.44925,86.475,44.92,2020-09-30,507777.29,469857.33,224240.37,94.5,11.13,4.0,1.127,0.0,0.0,5.28,2020-09-01
2020-09,78334.7325,26801.716500000002,835.0,38788.32,0.090875,34.21,93.81,101.95,4,272631.77,68157.9425,0.44925,86.475,44.92,2020-09-30,1829925.72,186723.64,293766.79,74.9,16.47,3.0,1.117,0.0,0.0,1.46,2020-09-01
2020-09,78334.7325,26801.716500000002,835.0,38788.32,0.090875,34.21,93.81,101.95,4,272631.77,68157.9425,0.44925,86.475,44.92,2020-09-30,1895025.25,328589.21,274911.85,90.9,10.94,3.0,1.013,0.0,0.0,1.41,2020-09-01
2020-09,78334.7325,26801.716500000002,835.0,38788.32,0.090875,34.21,93.81,101.95,4,272631.77,68157.9425,0.44925,86.475,44.92,2020-09-30,1766319.71,262080.83,134361.71,79.4,12.21,7.0,0.991,0.0,0.0,1.52,2020-09-01
2020-09,78334.7325,26801.716500000002,835.0,38788.32,0.090875,34.21,93.81,101.95,4,272631.77,68157.9425,0.44925,86.475,44.92,2020-09-30,768234.06,340976.37,50648.76,85.2,23.9,4.0,0.803,0.0,0.0,3.49,2020-09-01
2020-09,78334.7325,26801.716500000002,835.0,38788.32,0.090875,34.21,93.81,101.95,4,272631.77,68157.9425,0.44925,86.475,44.92,2020-09-30,1106762.19,395963.5,105962.27,89.8,27.26,4.0,1.032,0.0,0.0,2.42,2020-09-01
2020-09,78334.7325,26801.716500000002,835.0,38788.32,0.090875,34.21,93.81,101.95,4,272631.77,68157.9425,0.44925,86.475,44.92,2020-09-30,1312171.96,474659.26,136853.35,85.0,18.61,4.0,1.164,24.247207355804036,21.386886725959098,2.04,2020-09-01
2020-09,78334.7325,26801.716500000002,835.0,38788.32,0.090875,34.21,93.81,101.95,4,272631.77,68157.9425,0.44925,86.475,44.92,2020-09-30,884310.42,322402.02,260578.51,92.4,24.73,3.0,1.033,0.0,0.0,3.03,2020-09-01
2020-10,43394.19549,14584.82949,517.0,34600.15,0.08890909090909091,33.61,83.93,25.42,5,363202.99,72640.598,0.49779999999999996,79.6,49.78,2020-09-30,810026.54,136400.84,238658.82,85.3,16.47,4.0,1.02,-44.604144157893174,-45.58247980124707,1.8,2020-10-01
2020-11,18880.07222,6348.196220000001,244.0,14424.73,0.0964,33.62,77.38,30.89,4,378594.07,94648.5175,0.54925,73.275,54.92,2020-09-30,810026.54,136400.84,238658.82,85.3,16.47,4.0,1.02,-56.49171045387666,-56.47397712566607,0.78,2020-11-01
2020-12,54413.37525,18598.28325,543.0,27542.68,0.09081818181818181,34.18,100.21,97.56,4,355451.22,88862.805,0.20625,84.55,20.62,2020-12-31,989976.86,255307.35,226807.52,73.5,11.17,8.0,1.02,0.0,0.0,1.88,2020-12-01
2020-12,54413.37525,18598.28325,543.0,27542.68,0.09081818181818181,34.18,100.21,97.56,4,355451.22,88862.805,0.20625,84.55,20.62,2020-12-31,1525945.65,487189.51,232637.28,84.3,33.25,5.0,1.053,0.0,0.0,1.22,2020-12-01
2020-12,54413.37525,18598.28325,543.0,27542.68,0.09081818181818181,34.18,100.21,97.56,4,355451.22,88862.805,0.20625,84.55,20.62,2020-12-31,791570.05,112926.38,198470.77,91.2,25.74,6.0,1.18,0.0,0.0,2.35,2020-12-01
2020-12,54413.37525,18598.28325,543.0,27542.68,0.09081818181818181,34.18,100.21,97.56,4,355451.22,88862.805,0.20625,84.55,20.62,2020-12-31,821883.68,318978.52,184120.34,79.9,12.1,8.0,1.031,0.0,0.0,2.26,2020-12-01
2020-12,54413.37525,18598.28325,543.0,27542.68,0.09081818181818181,34.18,100.21,97.56,4,355451.22,88862.805,0.20625,84.55,20.62,2020-12-31,1467655.04,434785.55,261110.17,92.8,19.12,5.0,1.013,0.0,0.0,1.27,2020-12-01
2020-12,54413.37525,18598.28325,543.0,27542.68,0.09081818181818181,34.18,100.21,97.56,4,355451.22,88862.805,0.20625,84.55,20.62,2020-12-31,1581409.89,478477.82,199319.52,75.1,13.01,7.0,1.038,0.0,0.0,1.18,2020-12-01
2020-12,54413.37525,18598.28325,543.0,27542.68,0.09081818181818181,34.18,100.21,97.56,4,355451.22,88862.805,0.20625,84.55,20.62,2020-12-31,1263221.12,472371.64,281010.44,72.9,12.88,9.0,1.012,0.0,0.0,1.47,2020-12-01
2020-12,54413.37525,18598.28325,543.0,27542.68,0.09081818181818181,34.18,100.21,97.56,4,355451.22,88862.805,0.20625,84.55,20.62,2020-12-31,1058424.15,139993.95,138997.87,72.6,28.1,5.0,0.957,0.0,0.0,1.76,2020-12-01
2020-12,54413.37525,18598.28325,543.0,27542.68,0.09081818181818181,34.18,100.21,97.56,4,355451.22,88862.805,0.20625,84.55,20.62,2020-12-31,1602824.18,377156.14,61465.32,84.1,25.58,8.0,0.834,188.2053342590445,192.96957128398273,1.16,2020-12-01
2020-12,54413.37525,18598.28325,543.0,27542.68,0.09081818181818181,34.18,100.21,97.56,4,355451.22,88862.805,0.20625,84.55,20.62,2020-12-31,1968339.29,394814.22,230129.02,81.6,11.37,4.0,0.842,0.0,0.0,0.94,2020-12-01
2021-01,81359.79852,27023.792520000003,994.0,49603.25,0.1051578947368421,33.22,81.85,64.02,4,207625.37,51906.3425,0.4085,70.625,40.85,2020-12-31,821883.68,318978.52,184120.34,79.9,12.1,8.0,1.031,49.521690478114564,45.302618294083686,3.29,2021-01-01
2021-02,70853.20951,23994.74551,797.0,48546.83,0.09225,33.87,88.9,45.95,4,272526.92,68131.73,0.21475,87.65,21.48,2020-12-31,821883.68,318978.52,184120.34,79.9,12.1,8.0,1.031,-12.91373528588231,-11.208815371707125,2.92,2021-02-01
2021-03,70914.13644,24273.25644,805.0,35385.39,0.089,34.23,88.09,100.41,4,227911.33000000002,56977.832500000004,0.4605,84.775,46.05,2021-03-31,1923718.6,207468.99,147870.53,73.5,23.03,5.0,1.196,0.0,0.0,1.26,2021-03-01
2021-03,70914.13644,24273.25644,805.0,35385.39,0.089,34.23,88.09,100.41,4,227911.33000000002,56977.832500000004,0.4605,84.775,46.05,2021-03-31,1645046.63,200576.98,274916.86,82.5,32.66,4.0,1.058,0.0,0.0,1.48,2021-03-01
2021-03,70914.13644,24273.25644,805.0,35385.39,0.089,34.23,88.09,100.41,4,227911.33000000002,56977.832500000004,0.4605,84.775,46.05,2021-03-31,1457405.89,327632.59,230399.14,74.6,18.23,6.0,0.801,0.0,0.0,1.67,2021-03-01
2021-03,70914.13644,24273.25644,805.0,35385.39,0.089,34.23,88.09,100.41,4,227911.33000000002,56977.832500000004,0.4605,84.775,46.05,2021-03-31,1741803.51,191757.9,241944.88,80.2,19.6,5.0,0.823,0.0,0.0,1.39,2021-03-01
2021-03,70914.13644,24273.25644,805.0,35385.39,0.089,34.23,88.09,100.41,4,227911.33000000002,56977.832500000004,0.4605,84.775,46.05,2021-03-31,1129671.28,491160.27,63913.37,76.8,27.89,5.0,0.866,0.0,0.0,2.15,2021-03-01
2021-03,70914.13644,24273.25644,805.0,35385.39,0.089,34.23,88.09,100.41,4,227911.33000000002,56977.832500000004,0.4605,84.775,46.05,2021-03-31,606411.38,378164.45,193999.6,80.2,13.11,5.0,1.094,0.0,0.0,4.0,2021-03-01
2021-03,70914.13644,24273.25644,805.0,35385.39,0.089,34.23,88.09,100.41,4,227911.33000000002,56977.832500000004,0.4605,84.775,46.05,2021-03-31,1800798.4,292018.39,173855.91,80.6,32.04,4.0,1.129,0.0,0.0,1.35,2021-03-01
2021-03,70914.13644,24273.25644,805.0,35385.39,0.089,34.23,88.09,100.41,4,227911.33000000002,56977.832500000004,0.4605,84.775,46.05,2021-03-31,813378.08,406877.94,111088.29,77.4,24.52,2.0,0.899,0.0,0.0,2.98,2021-03-01
2021-03,70914.13644,24273.25644,805.0,35385.39,0.089,34.23,88.09,100.41,4,227911.33000000002,56977.832500000004,0.4605,84.775,46.05,2021-03-31,1831655.15,195294.46,255447.66,70.6,23.03,4.0,1.104,0.08599036009993011,1.1607163321816882,1.33,2021-03-01
2021-03,70914.13644,24273.25644,805.0,35385.39,0.089,34.23,88.09,100.41,4,227911.33000000002,56977.832500000004,0.4605,84.775,46.05,2021-03-31,1368297.34,498332.55,230724.02,84.9,34.56,2.0,1.092,0.0,0.0,1.77,2021-03-01
2021-04,73027.09131,24976.99131,858.0,49141.909999999996,0.09211764705882353,34.2,85.11,48.6,4,352224.65,88056.1625,0.508,82.475,50.8,2021-03-31,1800798.4,292018.39,173855.91,80.6,32.04,4.0,1.129,2.979596137066065,2.899219030374156,1.39,2021-04-01
2021-05,95080.4697,31903.583700000003,1074.0,60047.56,0.09481818181818182,33.55,88.53,58.34,5,398233.67,79646.734,0.6112,81.6,61.12,2021-03-31,1800798.4,292018.39,173855.91,80.6,32.04,4.0,1.129,30.198900153894126,27.73189254074333,1.77,2021-05-01
2021-06,45474.86269,15842.46469,483.0,20076.77,0.0877,34.84,94.15,126.5,4,361341.79000000004,90335.44750000001,0.41,75.525,41.0,2021-06-30,762432.39,487032.22,135390.8,78.6,27.62,4.0,0.987,-52.17223596656254,-50.34267987266898,2.08,2021-06-01
2021-06,45474.86269,15842.46469,483.0,20076.77,0.0877,34.84,94.15,126.5,4,361341.79000000004,90335.44750000001,0.41,75.525,41.0,2021-06-30,875692.73,498372.5,239988.85,91.6,29.88,2.0,1.032,0.0,0.0,1.81,2021-06-01
2021-06,45474.86269,15842.46469,483.0,20076.77,0.0877,34.84,94.15,126.5,4,361341.79000000004,90335.44750000001,0.41,75.525,41.0,2021-06-30,561601.28,476212.73,71967.03,78.4,22.28,3.0,1.009,0.0,0.0,2.82,2021-06-01
2021-06,45474.86269,15842.46469,483.0,20076.77,0.0877,34.84,94.15,126.5,4,361341.79000000004,90335.44750000001,0.41,75.525,41.0,2021-06-30,640809.94,399831.32,101250.45,84.1,11.11,6.0,0.991,0.0,0.0,2.47,2021-06-01
2021-06,45474.86269,15842.46469,483.0,20076.77,0.0877,34.84,94.15,126.5,4,361341.79000000004,90335.44750000001,0.41,75.525,41.0,2021-06-30,1309066.17,426554.29,133203.95,82.4,15.97,9.0,0.937,0.0,0.0,1.21,2021-06-01
2021-06,45474.86269,15842.46469,483.0,20076.77,0.0877,34.84,94.15,126.5,4,361341.79000000004,90335.44750000001,0.41,75.525,41.0,2021-06-30,1916377.4,335982.36,269657.28,89.3,14.73,4.0,1.175,0.0,0.0,0.83,2021-06-01
2021-06,45474.86269,15842.46469,483.0,20076.77,0.0877,34.84,94.15,126.5,4,361341.79000000004,90335.44750000001,0.41,75.525,41.0,2021-06-30,1515752.51,355744.54,299423.15,74.6,31.98,3.0,1.08,0.0,0.0,1.05,2021-06-01
2021-06,45474.86269,15842.46469,483.0,20076.77,0.0877,34.84,94.15,126.5,4,361341.79000000004,90335.44750000001,0.41,75.525,41.0,2021-06-30,1730640.27,354657.73,228516.02,92.9,23.9,7.0,0.81,0.0,0.0,0.92,2021-06-01
2021-07,75851.44282,24746.838820000004,813.0,45175.560000000005,0.1059375,32.63,93.3,67.9,4,382453.92,95613.48,0.49075,87.95,49.08,2021-06-30,1730640.27,354657.73,228516.02,92.9,23.9,7.0,0.81,66.79861869419092,56.20573758084861,1.43,2021-07-01
2021-08,38410.21338,13176.097380000001,437.0,26675.989999999998,0.08188888888888889,34.3,87.9,43.99,4,257614.18,64403.545,0.40049999999999997,87.625,40.05,2021-06-30,1730640.27,354657.73,228516.02,92.9,23.9,7.0,0.81,-49.3612620248375,-46.756442405276886,0.76,2021-08-01
2021-09,63307.24385,21001.999850000004,650.0,32564.88,0.10146153846153846,33.17,97.4,94.4,4,332637.2,83159.3,0.25525,80.125,25.52,2021-09-30,967119.96,402832.48,197076.67,87.1,34.79,3.0,0.812,0.0,0.0,2.17,2021-09-01
2021-09,63307.24385,21001.999850000004,650.0,32564.88,0.10146153846153846,33.17,97.4,94.4,4,332637.2,83159.3,0.25525,80.125,25.52,2021-09-30,859681.04,250695.59,297732.37,72.9,21.92,3.0,1.123,0.0,0.0,2.44,2021-09-01
2021-09,63307.24385,21001.999850000004,650.0,32564.88,0.10146153846153846,33.17,97.4,94.4,4,332637.2,83159.3,0.25525,80.125,25.52,2021-09-30,776500.51,450664.59,201525.47,78.6,28.7,2.0,0.945,0.0,0.0,2.7,2021-09-01
2021-09,63307.24385,21001.999850000004,650.0,32564.88,0.10146153846153846,33.17,97.4,94.4,4,332637.2,83159.3,0.25525,80.125,25.52,2021-09-30,1549268.32,264482.69,163566.99,91.9,22.96,5.0,0.837,0.0,0.0,1.36,2021-09-01
2021-09,63307.24385,21001.999850000004,650.0,32564.88,0.10146153846153846,33.17,97.4,94.4,4,332637.2,83159.3,0.25525,80.125,25.52,2021-09-30,558252.1,234264.03,99876.73,90.2,15.76,6.0,0.983,0.0,0.0,3.76,2021-09-01
2021-09,63307.24385,21001.999850000004,650.0,32564.88,0.10146153846153846,33.17,97.4,94.4,4,332637.2,83159.3,0.25525,80.125,25.52,2021-09-30,1508039.2,253680.73,229614.32,84.2,25.02,3.0,1.141,0.0,0.0,1.39,2021-09-01
2021-09,63307.24385,21001.999850000004,650.0,32564.88,0.10146153846153846,33.17,97.4,94.4,4,332637.2,83159.3,0.25525,80.125,25.52,2021-09-30,942935.88,195002.59,51883.59,82.0,18.41,3.0,1.084,0.0,0.0,2.23,2021-09-01
2021-09,63307.24385,21001.999850000004,650.0,32564.88,0.10146153846153846,33.17,97.4,94.4,4,332637.2,83159.3,0.25525,80.125,25.52,2021-09-30,907314.37,206375.17,71822.54,78.1,10.92,1.0,1.072,0.0,0.0,2.31,2021-09-01
2021-09,63307.24385,21001.999850000004,650.0,32564.88,0.10146153846153846,33.17,97.4,94.4,4,332637.2,83159.3,0.25525,80.125,25.52,2021-09-30,1358438.7,240087.3,138776.08,74.6,21.55,4.0,1.198,0.0,0.0,1.55,2021-09-01
2021-09,63307.24385,21001.999850000004,650.0,32564.88,0.10146153846153846,33.17,97.4,94.4,4,332637.2,83159.3,0.25525,80.125,25.52,2021-09-30,1991686.19,293008.38,221946.18,90.9,26.75,3.0,1.179,0.0,0.0,1.05,2021-09-01
2021-09,63307.24385,21001.999850000004,650.0,32564.88,0.10146153846153846,33.17,97.4,94.4,4,332637.2,83159.3,0.25525,80.125,25.52,2021-09-30,1037970.17,397684.66,132587.12,83.2,19.96,5.0,0.942,0.0,0.0,2.02,2021-09-01
2021-09,63307.24385,21001.999850000004,650.0,32564.88,0.10146153846153846,33.17,97.4,94.4,4,332637.2,83159.3,0.25525,80.125,25.52,2021-09-30,1503482.38,255847.23,187178.83,71.7,25.97,7.0,0.948,0.0,0.0,1.4,2021-09-01
2021-09,63307.24385,21001.999850000004,650.0,32564.88,0.10146153846153846,33.17,97.4,94.4,4,332637.2,83159.3,0.25525,80.125,25.52,2021-09-30,1903452.49,313730.99,136904.8,89.3,33.95,3.0,1.156,0.0,0.0,1.1,2021-09-01
2021-09,63307.24385,21001.999850000004,650.0,32564.88,0.10146153846153846,33.17,97.4,94.4,4,332637.2,83159.3,0.25525,80.125,25.52,2021-09-30,1096358.03,372645.47,164836.7,80.2,31.04,4.0,1.128,0.0,0.0,1.92,2021-09-01
2021-09,63307.24385,21001.999850000004,650.0,32564.88,0.10146153846153846,33.17,97.4,94.4,4,332637.2,83159.3,0.25525,80.125,25.52,2021-09-30,1566724.3,115585.25,277617.82,81.4,13.38,3.0,1.055,64.81877677608465,59.39469210267785,1.34,2021-09-01
2021-10,73429.01878,23339.62078,910.0,47617.26,0.12042105263157896,31.79,80.69,54.21,5,368072.95999999996,73614.59199999999,0.678,82.4,67.8,2021-09-30,967119.96,402832.48,197076.67,87.1,34.79,3.0,0.812,15.9883361120293,11.13046827300115,2.41,2021-10-01
2021-11,106281.90299,37391.92499,1208.0,69126.25,0.07725,35.18,87.98,53.75,4,338862.05,84715.5125,0.60475,68.925,60.48,2021-09-30,967119.96,402832.48,197076.67,87.1,34.79,3.0,0.812,44.741009420853395,60.20793714883999,3.87,2021-11-01
2021-12,78248.31427999999,27540.90428,826.0,45832.5,0.07747058823529411,35.2,94.73,70.73,4,313535.32,78383.83,0.211,76.675,21.1,2021-12-31,774299.0,257195.78,144807.15,94.6,31.3,8.0,1.198,0.0,0.0,3.56,2021-12-01
2021-12,78248.31427999999,27540.90428,826.0,45832.5,0.07747058823529411,35.2,94.73,70.73,4,313535.32,78383.83,0.211,76.675,21.1,2021-12-31,1773004.69,291085.96,141339.2,89.1,28.31,4.0,1.003,0.0,0.0,1.55,2021-12-01
2021-12,78248.31427999999,27540.90428,826.0,45832.5,0.07747058823529411,35.2,94.73,70.73,4,313535.32,78383.83,0.211,76.675,21.1,2021-12-31,1092037.2,201472.87,144693.16,85.6,11.32,7.0,1.192,0.0,0.0,2.52,2021-12-01
2021-12,78248.31427999999,27540.90428,826.0,45832.5,0.07747058823529411,35.2,94.73,70.73,4,313535.32,78383.83,0.211,76.675,21.1,2021-12-31,786366.55,382033.75,234205.62,80.7,19.6,7.0,0.861,0.0,0.0,3.5,2021-12-01
2021-12,78248.31427999999,27540.90428,826.0,45832.5,0.07747058823529411,35.2,94.73,70.73,4,313535.32,78383.83,0.211,76.675,21.1,2021-12-31,1652831.02,456758.76,76217.29,89.5,20.11,3.0,0.958,0.0,0.0,1.67,2021-12-01
2021-12,78248.31427999999,27540.90428,826.0,45832.5,0.07747058823529411,35.2,94.73,70.73,4,313535.32,78383.83,0.211,76.675,21.1,2021-12-31,622391.27,117360.31,54560.62,90.0,32.76,4.0,0.86,0.0,0.0,4.43,2021-12-01
2021-12,78248.31427999999,27540.90428,826.0,45832.5,0.07747058823529411,35.2,94.73,70.73,4,313535.32,78383.83,0.211,76.675,21.1,2021-12-31,1313810.35,145385.84,184147.66,85.1,14.81,5.0,1.139,0.0,0.0,2.1,2021-12-01
2021-12,78248.31427999999,27540.90428,826.0,45832.5,0.07747058823529411,35.2,94.73,70.73,4,313535.32,78383.83,0.211,76.675,21.1,2021-12-31,527113.05,133313.76,89244.42,77.8,24.71,1.0,1.007,0.0,0.0,5.22,2021-12-01
2021-12,78248.31427999999,27540.90428,826.0,45832.5,0.07747058823529411,35.2,94.73,70.73,4,313535.32,78383.83,0.211,76.675,21.1,2021-12-31,813607.43,239334.64,205201.42,87.9,21.86,6.0,0.96,0.0,0.0,3.39,2021-12-01
2021-12,78248.31427999999,27540.90428,826.0,45832.5,0.07747058823529411,35.2,94.73,70.73,4,313535.32,78383.83,0.211,76.675,21.1,2021-12-31,1910784.9,254158.65,249117.94,82.2,14.05,7.0,1.197,-26.376634141221267,-26.3453157670661,1.44,2021-12-01
2021-12,78248.31427999999,27540.90428,826.0,45832.5,0.07747058823529411,35.2,94.73,70.73,4,313535.32,78383.83,0.211,76.675,21.1,2021-12-31,1248790.07,189030.57,138536.67,70.8,23.26,4.0,1.17,0.0,0.0,2.21,2021-12-01
2022-01,97968.64291,32625.63091,1022.0,57763.38,0.09815,33.3,95.86,69.6,4,318791.2,79697.8,0.44075,79.925,44.08,2021-12-31,774299.0,257195.78,144807.15,94.6,31.3,8.0,1.198,25.202240855226265,18.462453441270952,4.21,2022-01-01
2022-02,77678.26377,26109.58377,894.0,50136.57,0.09521052631578947,33.61,86.89,54.93,4,276619.32,69154.83,0.91925,90.05,91.92,2021-12-31,774299.0,257195.78,144807.15,94.6,31.3,8.0,1.198,-20.71109544575398,-19.972172056917316,3.37,2022-02-01
2022-03,80591.42066,27224.69666,914.0,57664.85,0.09673684210526316,33.78,88.17,39.76,4,283380.57,70845.1425,0.48725,73.0,48.72,2022-03-31,1438909.51,343235.14,101136.15,80.9,10.03,4.0,1.075,0.0,0.0,1.89,2022-03-01
2022-03,80591.42066,27224.69666,914.0,57664.85,0.09673684210526316,33.78,88.17,39.76,4,283380.57,70845.1425,0.48725,73.0,48.72,2022-03-31,1349055.82,376685.76,256283.17,75.5,27.39,7.0,0.812,0.0,0.0,2.02,2022-03-01
2022-03,80591.42066,27224.69666,914.0,57664.85,0.09673684210526316,33.78,88.17,39.76,4,283380.57,70845.1425,0.48725,73.0,48.72,2022-03-31,1901921.0,431665.69,281612.36,81.8,10.89,3.0,0.824,0.0,0.0,1.43,2022-03-01
2022-03,80591.42066,27224.69666,914.0,57664.85,0.09673684210526316,33.78,88.17,39.76,4,283380.57,70845.1425,0.48725,73.0,48.72,2022-03-31,1872820.59,292148.03,152129.57,94.4,19.78,6.0,1.041,0.0,0.0,1.45,2022-03-01
2022-03,80591.42066,27224.69666,914.0,57664.85,0.09673684210526316,33.78,88.17,39.76,4,283380.57,70845.1425,0.48725,73.0,48.72,2022-03-31,992229.0,394840.28,183759.18,92.2,32.59,7.0,1.084,0.0,0.0,2.74,2022-03-01
2022-03,80591.42066,27224.69666,914.0,57664.85,0.09673684210526316,33.78,88.17,39.76,4,283380.57,70845.1425,0.48725,73.0,48.72,2022-03-31,881245.47,372415.77,283422.96,83.4,12.29,6.0,1.131,0.0,0.0,3.09,2022-03-01
2022-03,80591.42066,27224.69666,914.0,57664.85,0.09673684210526316,33.78,88.17,39.76,4,283380.57,70845.1425,0.48725,73.0,48.72,2022-03-31,1970497.38,383272.48,212205.71,77.5,34.76,5.0,1.018,0.0,0.0,1.38,2022-03-01
2022-03,80591.42066,27224.69666,914.0,57664.85,0.09673684210526316,33.78,88.17,39.76,4,283380.57,70845.1425,0.48725,73.0,48.72,2022-03-31,1621578.16,452143.99,183833.89,81.5,23.0,4.0,0.948,0.0,0.0,1.68,2022-03-01
2022-03,80591.42066,27224.69666,914.0,57664.85,0.09673684210526316,33.78,88.17,39.76,4,283380.57,70845.1425,0.48725,73.0,48.72,2022-03-31,925881.46,438857.26,132524.88,73.1,32.58,4.0,0.866,0.0,0.0,2.94,2022-03-01
2022-03,80591.42066,27224.69666,914.0,57664.85,0.09673684210526316,33.78,88.17,39.76,4,283380.57,70845.1425,0.48725,73.0,48.72,2022-03-31,1678010.98,298624.48,57951.17,79.4,28.96,8.0,0.805,3.7502857924652577,4.2708949320029665,1.62,2022-03-01
2022-03,80591.42066,27224.69666,914.0,57664.85,0.09673684210526316,33.78,88.17,39.76,4,283380.57,70845.1425,0.48725,73.0,48.72,2022-03-31,983826.15,260089.16,106333.2,82.4,23.06,8.0,0.871,0.0,0.0,2.77,2022-03-01
2022-04,75005.51546,25149.163460000003,877.0,47330.5,0.10064705882352942,33.53,85.53,58.47,4,256307.76,64076.94,0.296,84.675,29.6,2022-03-31,1438909.51,343235.14,101136.15,80.9,10.03,4.0,1.075,-6.931141248354322,-7.623714695229222,1.75,2022-04-01
2022-05,113311.73355,38739.13155,1229.0,65188.3,0.08900000000000001,34.19,92.2,73.82,5,347170.99,69434.198,0.5906,77.06,59.06,2022-03-31,1438909.51,343235.14,101136.15,80.9,10.03,4.0,1.075,51.071201704397986,54.03745580490171,2.69,2022-05-01
2022-06,62255.52226,20578.472260000002,723.0,41928.22,0.10146666666666666,33.05,86.11,48.48,4,377401.75,94350.4375,0.41675,85.05,41.68,2022-06-30,1954305.3,153274.05,100432.62,92.8,16.51,6.0,0.921,0.0,0.0,1.05,2022-06-01
2022-06,62255.52226,20578.472260000002,723.0,41928.22,0.10146666666666666,33.05,86.11,48.48,4,377401.75,94350.4375,0.41675,85.05,41.68,2022-06-30,1153509.35,153540.85,256985.22,88.5,17.03,4.0,0.896,0.0,0.0,1.78,2022-06-01
2022-06,62255.52226,20578.472260000002,723.0,41928.22,0.10146666666666666,33.05,86.11,48.48,4,377401.75,94350.4375,0.41675,85.05,41.68,2022-06-30,1758400.25,123145.56,101269.39,90.1,11.62,4.0,1.037,0.0,0.0,1.17,2022-06-01
2022-06,62255.52226,20578.472260000002,723.0,41928.22,0.10146666666666666,33.05,86.11,48.48,4,377401.75,94350.4375,0.41675,85.05,41.68,2022-06-30,1384806.27,122348.46,182816.44,93.1,28.63,10.0,1.024,0.0,0.0,1.49,2022-06-01
2022-06,62255.52226,20578.472260000002,723.0,41928.22,0.10146666666666666,33.05,86.11,48.48,4,377401.75,94350.4375,0.41675,85.05,41.68,2022-06-30,1025117.61,375212.0,221791.38,70.8,26.25,8.0,1.191,0.0,0.0,2.01,2022-06-01
2022-06,62255.52226,20578.472260000002,723.0,41928.22,0.10146666666666666,33.05,86.11,48.48,4,377401.75,94350.4375,0.41675,85.05,41.68,2022-06-30,1506715.28,429116.14,174561.92,87.9,16.79,4.0,1.135,0.0,0.0,1.37,2022-06-01
2022-06,62255.52226,20578.472260000002,723.0,41928.22,0.10146666666666666,33.05,86.11,48.48,4,377401.75,94350.4375,0.41675,85.05,41.68,2022-06-30,1337440.18,151075.89,95016.82,73.5,34.19,5.0,0.831,-45.058185671010776,-46.87936606570623,1.54,2022-06-01
2022-07,65061.12628,22679.70028,728.0,33824.020000000004,0.07557142857142858,34.86,89.37,92.35,4,294797.45999999996,73699.36499999999,0.642,84.0,64.2,2022-06-30,1153509.35,153540.85,256985.22,88.5,17.03,4.0,0.896,4.506594625104676,10.210806679193185,1.97,2022-07-01
2022-08,107202.75845,35710.29245,1150.0,60025.6,0.10217391304347827,33.31,93.22,78.6,4,360738.8,90184.7,0.23124999999999998,81.3,23.12,2022-06-30,1153509.35,153540.85,256985.22,88.5,17.03,4.0,0.896,64.77236804760706,57.45486937272699,3.1,2022-08-01
2022-09,49914.693869999996,16839.28587,580.0,40611.84,0.091,33.74,86.06,22.91,4,254629.38,63657.345,0.5427500000000001,85.75,54.28,2022-09-30,1360050.56,422017.87,238100.78,72.3,10.13,6.0,0.842,0.0,0.0,1.24,2022-09-01
2022-09,49914.693869999996,16839.28587,580.0,40611.84,0.091,33.74,86.06,22.91,4,254629.38,63657.345,0.5427500000000001,85.75,54.28,2022-09-30,1423776.75,135363.29,223429.4,91.0,12.65,3.0,0.828,0.0,0.0,1.18,2022-09-01
2022-09,49914.693869999996,16839.28587,580.0,40611.84,0.091,33.74,86.06,22.91,4,254629.38,63657.345,0.5427500000000001,85.75,54.28,2022-09-30,1763034.61,281296.34,130160.55,88.4,30.02,4.0,1.188,0.0,0.0,0.96,2022-09-01
2022-09,49914.693869999996,16839.28587,580.0,40611.84,0.091,33.74,86.06,22.91,4,254629.38,63657.345,0.5427500000000001,85.75,54.28,2022-09-30,876290.79,133099.37,168291.55,90.8,25.57,7.0,1.167,0.0,0.0,1.92,2022-09-01
2022-09,49914.693869999996,16839.28587,580.0,40611.84,0.091,33.74,86.06,22.91,4,254629.38,63657.345,0.5427500000000001,85.75,54.28,2022-09-30,1513535.18,298414.98,66558.99,85.0,13.87,6.0,0.98,0.0,0.0,1.11,2022-09-01
2022-09,49914.693869999996,16839.28587,580.0,40611.84,0.091,33.74,86.06,22.91,4,254629.38,63657.345,0.5427500000000001,85.75,54.28,2022-09-30,1756565.16,204277.81,242229.44,70.3,33.88,4.0,1.013,0.0,0.0,0.96,2022-09-01
2022-09,49914.693869999996,16839.28587,580.0,40611.84,0.091,33.74,86.06,22.91,4,254629.38,63657.345,0.5427500000000001,85.75,54.28,2022-09-30,644264.83,362289.05,224410.47,83.5,23.5,6.0,1.132,-53.438983668241605,-52.844727066915965,2.61,2022-09-01
2022-09,49914.693869999996,16839.28587,580.0,40611.84,0.091,33.74,86.06,22.91,4,254629.38,63657.345,0.5427500000000001,85.75,54.28,2022-09-30,902712.29,199489.66,189435.57,90.0,33.31,8.0,0.812,0.0,0.0,1.87,2022-09-01
2022-10,99347.18157,32923.32957,1086.0,62686.69,0.09981818181818182,33.14,91.48,58.48,4,326508.78,81627.195,0.48825,80.45,48.82,2022-09-30,1360050.56,422017.87,238100.78,72.3,10.13,6.0,0.842,99.03393944224948,95.51499881984012,2.42,2022-10-01
2022-11,84679.50342,26936.019420000004,929.0,41956.25,0.12000000000000001,31.81,91.15,101.83,5,418228.31,83645.662,0.433,80.64,43.3,2022-09-30,1360050.56,422017.87,238100.78,72.3,10.13,6.0,0.842,-14.764060658998323,-18.185615574725112,1.98,2022-11-01
2022-12,93068.61689,30294.318890000002,1119.0,54642.76,0.10981818181818181,32.55,83.17,70.32,4,313389.61,78347.4025,0.27225,84.85,27.22,2022-12-31,1417270.57,229074.56,62908.87,83.2,16.93,7.0,1.2,0.0,0.0,2.14,2022-12-01
2022-12,93068.61689,30294.318890000002,1119.0,54642.76,0.10981818181818181,32.55,83.17,70.32,4,313389.61,78347.4025,0.27225,84.85,27.22,2022-12-31,641235.48,390448.34,129049.15,87.3,32.36,9.0,1.172,0.0,0.0,4.72,2022-12-01
2022-12,93068.61689,30294.318890000002,1119.0,54642.76,0.10981818181818181,32.55,83.17,70.32,4,313389.61,78347.4025,0.27225,84.85,27.22,2022-12-31,1251559.83,223110.9,157882.04,85.8,18.35,4.0,0.818,0.0,0.0,2.42,2022-12-01
2022-12,93068.61689,30294.318890000002,1119.0,54642.76,0.10981818181818181,32.55,83.17,70.32,4,313389.61,78347.4025,0.27225,84.85,27.22,2022-12-31,1595058.97,105468.79,237625.48,87.5,16.32,6.0,0.925,0.0,0.0,1.9,2022-12-01
2022-12,93068.61689,30294.318890000002,1119.0,54642.76,0.10981818181818181,32.55,83.17,70.32,4,313389.61,78347.4025,0.27225,84.85,27.22,2022-12-31,1150281.11,332465.05,50677.72,79.1,32.44,3.0,0.976,0.0,0.0,2.63,2022-12-01
2022-12,93068.61689,30294.318890000002,1119.0,54642.76,0.10981818181818181,32.55,83.17,70.32,4,313389.61,78347.4025,0.27225,84.85,27.22,2022-12-31,1098231.35,266655.62,84706.19,90.6,34.91,2.0,1.025,0.0,0.0,2.76,2022-12-01
2022-12,93068.61689,30294.318890000002,1119.0,54642.76,0.10981818181818181,32.55,83.17,70.32,4,313389.61,78347.4025,0.27225,84.85,27.22,2022-12-31,704932.0,133156.53,171952.45,72.6,10.08,7.0,1.071,0.0,0.0,4.3,2022-12-01
2022-12,93068.61689,30294.318890000002,1119.0,54642.76,0.10981818181818181,32.55,83.17,70.32,4,313389.61,78347.4025,0.27225,84.85,27.22,2022-12-31,891243.76,327408.11,196191.53,77.2,11.9,10.0,0.955,0.0,0.0,3.4,2022-12-01
2022-12,93068.61689,30294.318890000002,1119.0,54642.76,0.10981818181818181,32.55,83.17,70.32,4,313389.61,78347.4025,0.27225,84.85,27.22,2022-12-31,1859148.18,382332.59,86934.77,93.0,23.06,5.0,1.189,0.0,0.0,1.63,2022-12-01
2022-12,93068.61689,30294.318890000002,1119.0,54642.76,0.10981818181818181,32.55,83.17,70.32,4,313389.61,78347.4025,0.27225,84.85,27.22,2022-12-31,763887.88,297210.26,177914.25,78.3,11.1,5.0,0.936,0.0,0.0,3.97,2022-12-01
2022-12,93068.61689,30294.318890000002,1119.0,54642.76,0.10981818181818181,32.55,83.17,70.32,4,313389.61,78347.4025,0.27225,84.85,27.22,2022-12-31,1769991.71,195438.74,293277.59,72.6,34.05,5.0,0.954,0.0,0.0,1.71,2022-12-01
2022-12,93068.61689,30294.318890000002,1119.0,54642.76,0.10981818181818181,32.55,83.17,70.32,4,313389.61,78347.4025,0.27225,84.85,27.22,2022-12-31,1994380.55,330369.83,150075.12,85.4,11.94,2.0,1.141,0.0,0.0,1.52,2022-12-01
2022-12,93068.61689,30294.318890000002,1119.0,54642.76,0.10981818181818181,32.55,83.17,70.32,4,313389.61,78347.4025,0.27225,84.85,27.22,2022-12-31,842825.03,267178.41,194912.48,94.0,20.32,3.0,0.886,9.906899699672334,12.467690261265773,3.59,2022-12-01
2022-12,93068.61689,30294.318890000002,1119.0,54642.76,0.10981818181818181,32.55,83.17,70.32,4,313389.61,78347.4025,0.27225,84.85,27.22,2022-12-31,958545.53,251195.04,196049.87,79.9,14.64,3.0,1.043,0.0,0.0,3.16,2022-12-01
2023-01,79993.10586,26927.01786,980.0,56599.95,0.08835,33.66,81.63,41.33,4,319803.66000000003,79950.91500000001,0.521,71.6,52.1,2022-12-31,1251559.83,223110.9,157882.04,85.8,18.35,4.0,0.818,-14.049323463627129,-11.115288784761324,2.15,2023-01-01
2023-02,93356.39962,32616.17362,1025.0,49713.54,0.0838095238095238,34.94,91.08,87.79,4,244044.41,61011.1025,0.7125,74.35,71.25,2022-12-31,1251559.83,223110.9,157882.04,85.8,18.35,4.0,0.818,16.705556830594603,21.128057290188163,2.61,2023-02-01
2023-03,74660.86205,24704.80805,772.0,47196.38,0.10611764705882354,33.09,96.71,58.19,4,259287.39,64821.8475,0.71375,76.2,71.38,2023-03-31,1117030.86,211905.4,142307.62,73.1,15.41,5.0,1.005,0.0,0.0,2.21,2023-03-01
2023-03,74660.86205,24704.80805,772.0,47196.38,0.10611764705882354,33.09,96.71,58.19,4,259287.39,64821.8475,0.71375,76.2,71.38,2023-03-31,587290.39,411040.91,236493.63,75.5,21.44,5.0,0.977,0.0,0.0,4.21,2023-03-01
2023-03,74660.86205,24704.80805,772.0,47196.38,0.10611764705882354,33.09,96.71,58.19,4,259287.39,64821.8475,0.71375,76.2,71.38,2023-03-31,1947877.75,244138.04,176525.99,72.2,33.93,3.0,0.987,0.0,0.0,1.27,2023-03-01
2023-03,74660.86205,24704.80805,772.0,47196.38,0.10611764705882354,33.09,96.71,58.19,4,259287.39,64821.8475,0.71375,76.2,71.38,2023-03-31,1571892.66,130480.15,221142.89,85.6,22.88,7.0,0.997,0.0,0.0,1.57,2023-03-01
2023-03,74660.86205,24704.80805,772.0,47196.38,0.10611764705882354,33.09,96.71,58.19,4,259287.39,64821.8475,0.71375,76.2,71.38,2023-03-31,996125.46,463077.48,135731.72,91.5,31.92,3.0,0.99,0.0,0.0,2.48,2023-03-01
2023-03,74660.86205,24704.80805,772.0,47196.38,0.10611764705882354,33.09,96.71,58.19,4,259287.39,64821.8475,0.71375,76.2,71.38,2023-03-31,1825241.03,445255.41,72301.08,94.4,28.45,6.0,1.134,0.0,0.0,1.35,2023-03-01
2023-03,74660.86205,24704.80805,772.0,47196.38,0.10611764705882354,33.09,96.71,58.19,4,259287.39,64821.8475,0.71375,76.2,71.38,2023-03-31,1991825.77,305330.47,95570.97,75.5,30.1,2.0,0.859,-20.025983913367206,-24.255958599474738,1.24,2023-03-01
2023-03,74660.86205,24704.80805,772.0,47196.38,0.10611764705882354,33.09,96.71,58.19,4,259287.39,64821.8475,0.71375,76.2,71.38,2023-03-31,1790606.93,257808.72,291998.52,94.7,20.04,5.0,1.04,0.0,0.0,1.38,2023-03-01
2023-04,93382.14484,32150.71684,991.0,48992.1,0.0868,34.43,94.23,90.61,4,301765.78,75441.445,0.5619999999999999,70.1,56.2,2023-03-31,587290.39,411040.91,236493.63,75.5,21.44,5.0,0.977,25.07509594178332,30.13951282248477,5.47,2023-04-01
2023-05,72425.6777,23767.687700000002,812.0,40060.76,0.1048235294117647,32.82,89.19,80.79,4,333456.55,83364.1375,0.5675,63.724999999999994,56.75,2023-03-31,587290.39,411040.91,236493.63,75.5,21.44,5.0,0.977,-22.441621121368104,-26.074159346799807,4.05,2023-05-01
2023-06,111877.33380000001,38115.0078,1240.0,75409.48,0.08747999999999999,34.07,90.22,48.36,4,323426.88,80856.72,0.70875,82.275,70.88,2023-06-30,1157711.18,378770.02,255215.37,78.5,32.1,4.0,0.859,0.0,0.0,3.29,2023-06-01
2023-06,111877.33380000001,38115.0078,1240.0,75409.48,0.08747999999999999,34.07,90.22,48.36,4,323426.88,80856.72,0.70875,82.275,70.88,2023-06-30,576152.8,166486.17,51325.0,76.3,29.95,5.0,0.93,0.0,0.0,6.62,2023-06-01
2023-06,111877.33380000001,38115.0078,1240.0,75409.48,0.08747999999999999,34.07,90.22,48.36,4,323426.88,80856.72,0.70875,82.275,70.88,2023-06-30,1358006.3,258660.64,149290.96,77.8,21.03,4.0,0.966,0.0,0.0,2.81,2023-06-01
2023-06,111877.33380000001,38115.0078,1240.0,75409.48,0.08747999999999999,34.07,90.22,48.36,4,323426.88,80856.72,0.70875,82.275,70.88,2023-06-30,1049703.18,321481.22,267075.28,79.5,21.83,3.0,0.954,0.0,0.0,3.63,2023-06-01
2023-06,111877.33380000001,38115.0078,1240.0,75409.48,0.08747999999999999,34.07,90.22,48.36,4,323426.88,80856.72,0.70875,82.275,70.88,2023-06-30,1910200.16,121394.12,273554.32,91.0,25.93,3.0,1.01,54.47191845883137,60.364812433983616,2.0,2023-06-01
2023-06,111877.33380000001,38115.0078,1240.0,75409.48,0.08747999999999999,34.07,90.22,48.36,4,323426.88,80856.72,0.70875,82.275,70.88,2023-06-30,1503386.09,446747.48,237404.06,76.2,24.02,4.0,0.854,0.0,0.0,2.54,2023-06-01
2023-07,84951.93135,27497.97735,899.0,50936.5,0.11,32.37,94.5,66.78,5,409206.99,81841.398,0.6754,78.62,67.54,2023-06-30,1157711.18,378770.02,255215.37,78.5,32.1,4.0,0.859,-24.066896783698656,-27.85524931730434,2.38,2023-07-01
2023-08,58632.02803,20243.20603,599.0,35568.6,0.08516666666666667,34.53,97.88,64.84,4,342227.76,85556.94,0.52075,78.425,52.08,2023-06-30,1157711.18,378770.02,255215.37,78.5,32.1,4.0,0.859,-30.982112945216755,-26.38292710645498,1.75,2023-08-01
2023-09,62375.83831,20988.00031,688.0,33725.659999999996,0.09164285714285714,33.65,90.66,84.95,4,285099.72,71274.93,0.54175,83.2,54.18,2023-09-30,1095175.74,130173.82,279348.9,83.8,33.91,3.0,0.92,0.0,0.0,1.92,2023-09-01
2023-09,62375.83831,20988.00031,688.0,33725.659999999996,0.09164285714285714,33.65,90.66,84.95,4,285099.72,71274.93,0.54175,83.2,54.18,2023-09-30,571574.19,130143.62,249884.28,80.1,10.13,6.0,0.902,0.0,0.0,3.67,2023-09-01
2023-09,62375.83831,20988.00031,688.0,33725.659999999996,0.09164285714285714,33.65,90.66,84.95,4,285099.72,71274.93,0.54175,83.2,54.18,2023-09-30,1185897.74,203979.95,283003.59,85.8,30.66,5.0,0.814,0.0,0.0,1.77,2023-09-01
2023-09,62375.83831,20988.00031,688.0,33725.659999999996,0.09164285714285714,33.65,90.66,84.95,4,285099.72,71274.93,0.54175,83.2,54.18,2023-09-30,1972761.33,483480.96,259645.64,88.0,28.58,5.0,0.853,0.0,0.0,1.06,2023-09-01
2023-09,62375.83831,20988.00031,688.0,33725.659999999996,0.09164285714285714,33.65,90.66,84.95,4,285099.72,71274.93,0.54175,83.2,54.18,2023-09-30,732562.43,466101.74,169154.87,83.9,34.73,4.0,1.163,0.0,0.0,2.87,2023-09-01
2023-09,62375.83831,20988.00031,688.0,33725.659999999996,0.09164285714285714,33.65,90.66,84.95,4,285099.72,71274.93,0.54175,83.2,54.18,2023-09-30,919340.51,332522.17,260177.5,82.9,26.54,6.0,0.852,0.0,0.0,2.28,2023-09-01
2023-09,62375.83831,20988.00031,688.0,33725.659999999996,0.09164285714285714,33.65,90.66,84.95,4,285099.72,71274.93,0.54175,83.2,54.18,2023-09-30,1929607.77,194674.08,108304.1,83.9,20.67,6.0,0.95,0.0,0.0,1.09,2023-09-01
2023-09,62375.83831,20988.00031,688.0,33725.659999999996,0.09164285714285714,33.65,90.66,84.95,4,285099.72,71274.93,0.54175,83.2,54.18,2023-09-30,1240840.57,136681.66,144321.49,75.7,34.98,6.0,0.952,0.0,0.0,1.69,2023-09-01
2023-09,62375.83831,20988.00031,688.0,33725.659999999996,0.09164285714285714,33.65,90.66,84.95,4,285099.72,71274.93,0.54175,83.2,54.18,2023-09-30,1172636.21,370707.96,170286.35,74.7,11.29,3.0,1.105,0.0,0.0,1.79,2023-09-01
2023-09,62375.83831,20988.00031,688.0,33725.659999999996,0.09164285714285714,33.65,90.66,84.95,4,285099.72,71274.93,0.54175,83.2,54.18,2023-09-30,918307.03,446846.64,268579.4,88.2,17.86,11.0,1.036,0.0,0.0,2.29,2023-09-01
2023-09,62375.83831,20988.00031,688.0,33725.659999999996,0.09164285714285714,33.65,90.66,84.95,4,285099.72,71274.93,0.54175,83.2,54.18,2023-09-30,783060.66,332217.6,152915.3,76.4,12.58,7.0,1.145,0.0,0.0,2.68,2023-09-01
2023-09,62375.83831,20988.00031,688.0,33725.659999999996,0.09164285714285714,33.65,90.66,84.95,4,285099.72,71274.93,0.54175,83.2,54.18,2023-09-30,1022998.98,234621.69,180900.57,82.6,16.75,6.0,1.012,6.385264855727679,3.6792308436530696,2.05,2023-09-01
2023-09,62375.83831,20988.00031,688.0,33725.659999999996,0.09164285714285714,33.65,90.66,84.95,4,285099.72,71274.93,0.54175,83.2,54.18,2023-09-30,845277.9,270436.59,266803.75,74.1,32.12,10.0,0.884,0.0,0.0,2.48,2023-09-01
2023-10,102689.00294,34905.80294,1187.0,61959.93,0.09258333333333334,33.99,86.51,65.73,4,281693.5,70423.375,0.21925,75.025,21.92,2023-09-30,571574.19,130143.62,249884.28,80.1,10.13,6.0,0.902,64.62945544659246,66.3131428646334,6.11,2023-10-01
2023-11,67667.68254000001,22562.53854,775.0,29949.239999999998,0.09806666666666668,33.34,87.31,125.94,4,298811.23,74702.8075,0.50275,85.4,50.28,2023-09-30,571574.19,130143.62,249884.28,80.1,10.13,6.0,0.902,-34.10425595471265,-35.36164007233119,3.95,2023-11-01
2023-12,88551.13974,29408.46774,960.0,49726.78,0.10089473684210526,33.21,92.24,78.08,5,448382.05,89676.41,0.48460000000000003,85.92,48.46,2023-12-31,565405.66,158641.93,234351.3,76.9,24.31,5.0,0.925,0.0,0.0,5.2,2023-12-01
2023-12,88551.13974,29408.46774,960.0,49726.78,0.10089473684210526,33.21,92.24,78.08,5,448382.05,89676.41,0.48460000000000003,85.92,48.46,2023-12-31,1477227.16,321926.24,173495.37,88.0,28.92,3.0,0.922,0.0,0.0,1.99,2023-12-01
2023-12,88551.13974,29408.46774,960.0,49726.78,0.10089473684210526,33.21,92.24,78.08,5,448382.05,89676.41,0.48460000000000003,85.92,48.46,2023-12-31,1716806.27,346905.48,244642.98,71.7,15.72,4.0,1.089,0.0,0.0,1.71,2023-12-01
2023-12,88551.13974,29408.46774,960.0,49726.78,0.10089473684210526,33.21,92.24,78.08,5,448382.05,89676.41,0.48460000000000003,85.92,48.46,2023-12-31,692750.53,461260.42,226745.12,89.3,30.5,6.0,0.96,0.0,0.0,4.25,2023-12-01
2023-12,88551.13974,29408.46774,960.0,49726.78,0.10089473684210526,33.21,92.24,78.08,5,448382.05,89676.41,0.48460000000000003,85.92,48.46,2023-12-31,1823954.51,200006.58,224125.37,72.5,10.13,4.0,1.017,30.861788694559287,30.342016647919245,1.61,2023-12-01
2023-12,88551.13974,29408.46774,960.0,49726.78,0.10089473684210526,33.21,92.24,78.08,5,448382.05,89676.41,0.48460000000000003,85.92,48.46,2023-12-31,1796251.35,435392.31,57618.04,84.4,22.03,6.0,0.84,0.0,0.0,1.64,2023-12-01
2023-12,88551.13974,29408.46774,960.0,49726.78,0.10089473684210526,33.21,92.24,78.08,5,448382.05,89676.41,0.48460000000000003,85.92,48.46,2023-12-31,944765.22,420843.7,251466.22,88.8,31.32,7.0,1.018,0.0,0.0,3.11,2023-12-01
2024-01,49621.09588,17523.91588,632.0,35505.1,0.07407692307692308,35.32,78.51,39.76,4,347226.76,86806.69,0.32275,69.725,32.28,2023-12-31,1477227.16,321926.24,173495.37,88.0,28.92,3.0,0.922,-43.96334589741555,-40.412006382213505,1.19,2024-01-01
2024-02,78985.06343,27126.82343,898.0,41912.07,0.08711111111111111,34.34,87.96,88.45,4,411095.28,102773.82,0.65,76.425,65.0,2023-12-31,1477227.16,321926.24,173495.37,88.0,28.92,3.0,0.922,59.17637857295948,54.79886810550016,1.84,2024-02-01
2024-03,84620.29117,27821.567170000002,920.0,43727.950000000004,0.10738888888888888,32.88,91.98,93.52,4,248224.59,62056.1475,0.3925,76.6,39.25,2024-03-31,1019456.48,182891.06,184945.27,80.1,26.55,4.0,0.933,0.0,0.0,2.73,2024-03-01
2024-03,84620.29117,27821.567170000002,920.0,43727.950000000004,0.10738888888888888,32.88,91.98,93.52,4,248224.59,62056.1475,0.3925,76.6,39.25,2024-03-31,1710369.47,209892.72,206025.39,71.7,24.28,3.0,1.128,0.0,0.0,1.63,2024-03-01
2024-03,84620.29117,27821.567170000002,920.0,43727.950000000004,0.10738888888888888,32.88,91.98,93.52,4,248224.59,62056.1475,0.3925,76.6,39.25,2024-03-31,1197010.72,451288.27,159686.17,82.4,23.59,5.0,1.093,0.0,0.0,2.32,2024-03-01
2024-03,84620.29117,27821.567170000002,920.0,43727.950000000004,0.10738888888888888,32.88,91.98,93.52,4,248224.59,62056.1475,0.3925,76.6,39.25,2024-03-31,1915837.41,416727.14,91682.69,80.1,27.47,3.0,0.802,0.0,0.0,1.45,2024-03-01
2024-03,84620.29117,27821.567170000002,920.0,43727.950000000004,0.10738888888888888,32.88,91.98,93.52,4,248224.59,62056.1475,0.3925,76.6,39.25,2024-03-31,525741.65,182018.13,228445.61,90.4,22.9,1.0,1.053,0.0,0.0,5.29,2024-03-01
2024-03,84620.29117,27821.567170000002,920.0,43727.950000000004,0.10738888888888888,32.88,91.98,93.52,4,248224.59,62056.1475,0.3925,76.6,39.25,2024-03-31,1616255.78,185091.16,71129.25,88.6,17.82,5.0,1.117,0.0,0.0,1.72,2024-03-01
2024-03,84620.29117,27821.567170000002,920.0,43727.950000000004,0.10738888888888888,32.88,91.98,93.52,4,248224.59,62056.1475,0.3925,76.6,39.25,2024-03-31,680246.97,399964.3,108922.94,80.5,23.32,5.0,0.888,0.0,0.0,4.09,2024-03-01
2024-03,84620.29117,27821.567170000002,920.0,43727.950000000004,0.10738888888888888,32.88,91.98,93.52,4,248224.59,62056.1475,0.3925,76.6,39.25,2024-03-31,1948129.03,392659.1,224416.89,92.8,10.06,5.0,0.962,7.134548603602986,2.5610950791668197,1.43,2024-03-01
2024-03,84620.29117,27821.567170000002,920.0,43727.950000000004,0.10738888888888888,32.88,91.98,93.52,4,248224.59,62056.1475,0.3925,76.6,39.25,2024-03-31,1012819.5,465266.3,208439.64,73.3,34.05,2.0,1.094,0.0,0.0,2.75,2024-03-01
2024-03,84620.29117,27821.567170000002,920.0,43727.950000000004,0.10738888888888888,32.88,91.98,93.52,4,248224.59,62056.1475,0.3925,76.6,39.25,2024-03-31,954898.27,167871.96,234061.8,94.1,30.77,9.0,0.815,0.0,0.0,2.91,2024-03-01
2024-03,84620.29117,27821.567170000002,920.0,43727.950000000004,0.10738888888888888,32.88,91.98,93.52,4,248224.59,62056.1475,0.3925,76.6,39.25,2024-03-31,1059030.3,273780.74,191114.64,81.7,10.24,1.0,1.109,0.0,0.0,2.63,2024-03-01
2024-04,54348.79791,17704.57791,593.0,32601.1,0.10992307692307693,32.58,91.65,66.71,4,438491.77,109622.9425,0.8,74.475,80.0,2024-03-31,1915837.41,416727.14,91682.69,80.1,27.47,3.0,0.802,-35.773326753491475,-36.36383672487419,0.92,2024-04-01
2024-05,59922.38787,19194.849870000002,755.0,45757.98,0.11873333333333334,32.03,79.37,30.96,4,277696.87,69424.2175,0.49,83.0,49.0,2024-03-31,1915837.41,416727.14,91682.69,80.1,27.47,3.0,0.802,10.255222147193944,8.417438515482822,1.0,2024-05-01
2024-06,78865.64335,27041.339350000002,821.0,35484.98,0.09325,34.29,96.06,122.25,4,320689.56,80172.39,0.362,81.7,36.2,2024-06-30,1371029.93,219054.07,183605.88,71.9,28.98,3.0,0.811,31.61298498500573,40.8780976831886,1.97,2024-06-01
2024-06,78865.64335,27041.339350000002,821.0,35484.98,0.09325,34.29,96.06,122.25,4,320689.56,80172.39,0.362,81.7,36.2,2024-06-30,962091.19,412518.42,296564.25,89.7,28.28,7.0,0.841,0.0,0.0,2.81,2024-06-01
2024-06,78865.64335,27041.339350000002,821.0,35484.98,0.09325,34.29,96.06,122.25,4,320689.56,80172.39,0.362,81.7,36.2,2024-06-30,1230113.23,318366.31,65585.34,82.0,21.38,7.0,0.867,0.0,0.0,2.2,2024-06-01
2024-06,78865.64335,27041.339350000002,821.0,35484.98,0.09325,34.29,96.06,122.25,4,320689.56,80172.39,0.362,81.7,36.2,2024-06-30,1204916.77,193291.23,190991.27,75.3,23.46,8.0,0.995,0.0,0.0,2.24,2024-06-01
2024-06,78865.64335,27041.339350000002,821.0,35484.98,0.09325,34.29,96.06,122.25,4,320689.56,80172.39,0.362,81.7,36.2,2024-06-30,1960495.76,483416.6,82187.1,92.8,34.51,6.0,1.005,0.0,0.0,1.38,2024-06-01
2024-07,66888.90917,20687.40317,753.0,35453.95,0.12986666666666666,30.93,88.83,88.66,5,332133.11,66426.622,0.3572,81.5,35.72,2024-06-30,1204916.77,193291.23,190991.27,75.3,23.46,8.0,0.995,-15.186250528443823,-23.497120825858797,1.72,2024-07-01
2024-08,109212.31505,37190.87705,1241.0,76677.63,0.09080769230769231,34.05,88.0,42.43,4,375315.23,93828.8075,0.33999999999999997,71.125,34.0,2024-06-30,1204916.77,193291.23,190991.27,75.3,23.46,8.0,0.995,63.27417565210087,79.77547372370373,3.09,2024-08-01
2024-09,76389.83287,25423.744870000002,842.0,46578.9,0.09988235294117646,33.28,90.72,64.0,4,328195.94,82048.985,0.63725,74.0,63.72,2024-09-30,1065888.62,280364.18,144705.39,93.9,18.16,2.0,1.079,0.0,0.0,2.39,2024-09-01
2024-09,76389.83287,25423.744870000002,842.0,46578.9,0.09988235294117646,33.28,90.72,64.0,4,328195.94,82048.985,0.63725,74.0,63.72,2024-09-30,707529.64,341112.75,187150.78,86.1,24.93,4.0,1.102,0.0,0.0,3.59,2024-09-01
2024-09,76389.83287,25423.744870000002,842.0,46578.9,0.09988235294117646,33.28,90.72,64.0,4,328195.94,82048.985,0.63725,74.0,63.72,2024-09-30,522956.81,290484.28,107256.35,88.3,13.93,2.0,0.836,0.0,0.0,4.86,2024-09-01
2024-09,76389.83287,25423.744870000002,842.0,46578.9,0.09988235294117646,33.28,90.72,64.0,4,328195.94,82048.985,0.63725,74.0,63.72,2024-09-30,1485666.99,114728.75,245378.62,82.8,28.38,3.0,0.919,0.0,0.0,1.71,2024-09-01
2024-09,76389.83287,25423.744870000002,842.0,46578.9,0.09988235294117646,33.28,90.72,64.0,4,328195.94,82048.985,0.63725,74.0,63.72,2024-09-30,1227919.81,232101.01,196633.86,78.7,11.75,5.0,1.188,0.0,0.0,2.07,2024-09-01
2024-09,76389.83287,25423.744870000002,842.0,46578.9,0.09988235294117646,33.28,90.72,64.0,4,328195.94,82048.985,0.63725,74.0,63.72,2024-09-30,1776392.67,251091.55,136270.66,86.3,12.17,8.0,0.84,0.0,0.0,1.43,2024-09-01
2024-09,76389.83287,25423.744870000002,842.0,46578.9,0.09988235294117646,33.28,90.72,64.0,4,328195.94,82048.985,0.63725,74.0,63.72,2024-09-30,1550536.74,324746.68,178809.01,84.8,30.19,6.0,0.891,0.0,0.0,1.64,2024-09-01
2024-09,76389.83287,25423.744870000002,842.0,46578.9,0.09988235294117646,33.28,90.72,64.0,4,328195.94,82048.985,0.63725,74.0,63.72,2024-09-30,1276627.03,236249.83,260522.85,89.3,31.16,0.0,1.078,-30.053828787507243,-31.639835124565852,1.99,2024-09-01
2024-09,76389.83287,25423.744870000002,842.0,46578.9,0.09988235294117646,33.28,90.72,64.0,4,328195.94,82048.985,0.63725,74.0,63.72,2024-09-30,875377.04,142702.43,227738.12,85.1,30.95,4.0,0.941,0.0,0.0,2.9,2024-09-01
2024-10,51934.04743,17010.73543,591.0,20902.38,0.10491666666666666,32.75,87.87,148.46,4,341663.35,85415.8375,0.47775,77.525,47.78,2024-09-30,1065888.62,280364.18,144705.39,93.9,18.16,2.0,1.079,-32.014450773336264,-33.09114956517419,1.6,2024-10-01
2024-11,66744.43735,23022.79735,672.0,39563.44,0.08623076923076924,34.49,99.32,68.7,4,245400.99,61350.2475,0.788,86.2,78.8,2024-09-30,1065888.62,280364.18,144705.39,93.9,18.16,2.0,1.079,28.51768859333057,35.34275131572016,2.16,2024-11-01
2024-12,87806.90017,29105.95417,947.0,45916.89,0.11031578947368421,33.15,92.72,91.23,5,372713.44,74542.688,0.51,79.94,51.0,2024-12-31,1454605.4,268214.31,235365.23,78.8,34.03,7.0,1.124,0.0,0.0,2.0,2024-12-01
2024-12,87806.90017,29105.95417,947.0,45916.89,0.11031578947368421,33.15,92.72,91.23,5,372713.44,74542.688,0.51,79.94,51.0,2024-12-31,1714251.57,347301.55,124489.86,85.1,22.09,3.0,1.096,31.556881226746913,26.422318398246247,1.7,2024-12-01
2024-12,87806.90017,29105.95417,947.0,45916.89,0.11031578947368421,33.15,92.72,91.23,5,372713.44,74542.688,0.51,79.94,51.0,2024-12-31,1784486.44,371937.91,200483.85,93.0,29.75,1.0,0.98,0.0,0.0,1.63,2024-12-01
2024-12,87806.90017,29105.95417,947.0,45916.89,0.11031578947368421,33.15,92.72,91.23,5,372713.44,74542.688,0.51,79.94,51.0,2024-12-31,1228420.63,482720.35,73072.65,74.1,27.33,7.0,0.818,0.0,0.0,2.37,2024-12-01
2024-12,87806.90017,29105.95417,947.0,45916.89,0.11031578947368421,33.15,92.72,91.23,5,372713.44,74542.688,0.51,79.94,51.0,2024-12-31,1305623.64,358739.34,182460.01,93.6,13.01,3.0,1.098,0.0,0.0,2.23,2024-12-01
2024-12,87806.90017,29105.95417,947.0,45916.89,0.11031578947368421,33.15,92.72,91.23,5,372713.44,74542.688,0.51,79.94,51.0,2024-12-31,1616063.96,467670.62,79174.02,70.9,21.58,2.0,1.042,0.0,0.0,1.8,2024-12-01
2024-12,87806.90017,29105.95417,947.0,45916.89,0.11031578947368421,33.15,92.72,91.23,5,372713.44,74542.688,0.51,79.94,51.0,2024-12-31,1532749.85,264502.05,262681.87,91.5,31.5,7.0,0.982,0.0,0.0,1.9,2024-12-01
2024-12,87806.90017,29105.95417,947.0,45916.89,0.11031578947368421,33.15,92.72,91.23,5,372713.44,74542.688,0.51,79.94,51.0,2024-12-31,737969.67,313738.51,96601.25,86.1,11.22,6.0,1.189,0.0,0.0,3.94,2024-12-01
2024-12,87806.90017,29105.95417,947.0,45916.89,0.11031578947368421,33.15,92.72,91.23,5,372713.44,74542.688,0.51,79.94,51.0,2024-12-31,637698.6,334059.81,276966.53,92.5,12.74,5.0,1.105,0.0,0.0,4.56,2024-12-01
2024-12,87806.90017,29105.95417,947.0,45916.89,0.11031578947368421,33.15,92.72,91.23,5,372713.44,74542.688,0.51,79.94,51.0,2024-12-31,910941.69,390558.81,75729.01,93.7,14.83,7.0,1.053,0.0,0.0,3.2,2024-12-01
